@article{MORARI1999667,
title = "Model predictive control: past, present and future",
journal = "Computers & Chemical Engineering",
volume = "23",
number = "4",
pages = "667 - 682",
year = "1999",
issn = "0098-1354",
doi = "https://doi.org/10.1016/S0098-1354(98)00301-9",
url = "http://www.sciencedirect.com/science/article/pii/S0098135498003019",
author = "Manfred Morari and Jay H. Lee"
}
@article{GARCIA1989335,
title = "Model predictive control: Theory and practice—A survey",
journal = "Automatica",
volume = "25",
number = "3",
pages = "335 - 348",
year = "1989",
issn = "0005-1098",
doi = "https://doi.org/10.1016/0005-1098(89)90002-2",
url = "http://www.sciencedirect.com/science/article/pii/0005109889900022",
author = "Carlos E. García and David M. Prett and Manfred Morari",
keywords = "Computer control, predictive control, process control, quadratic programming, (constrained control)"
}
@book{Isermann:1992:ACS:573881,
 author = {Isermann, Rolf and Matko, Drago and Lachmann, Karl-Heinz},
 title = {Adaptive Control Systems},
 year = {1992},
 isbn = {0130054143},
 publisher = {Prentice-Hall, Inc.},
 address = {Upper Saddle River, NJ, USA},
} 

@book{ljung1987system,
  title={System identification: theory for the user},
  author={Ljung, Lennart},
  year={1987},
  publisher={Prentice-hall},
}
@book{aastrom2013adaptive,
  title={Adaptive control},
  author={{\AA}str{\"o}m, Karl J and Wittenmark, Bj{\"o}rn},
  year={2013},
  publisher={Courier Corporation}
}
@book{isermann2010identification,
  title={Identification of dynamic systems: an introduction with applications},
  author={Isermann, Rolf and M{\"u}nchhof, Marco},
  year={2010},
  publisher={Springer Science \& Business Media}
}